@Misc{park2016,
  title = {Reachable: data collection methods for sexual orientation and gender identity},
  year = {2016},
  url = {https://williamsinstitute.law.ucla.edu/wp-content/uploads/Reachable-Data-collection-methods-for-sexual-orientation-gender-identity-March-2016.pdf](https://williamsinstitute.law.ucla.edu/wp-content/uploads/Reachable-Data-collection-methods-for-sexual-orientation-gender-identity-March-2016.pdf},
}

@Article{msdatause,
  title = {Data Use by Middle and Secondary Students in the Digital Age: A Status Report and
Future Prospects},
  author = {Victor R. Lee and Michelle H. Wilkerson},
  year = {2018},
  url = {https://pdfs.semanticscholar.org/811d/3e7bbbea05a8954c09823629e81819554382.pdf?_ga=2.195337642.763980897.1582512794-1526781779.1582512794}
}

@Book{allen2008,
  title = {Staying the course: Online education in the United States, 2008.},
  author = {I Elaine Allen and Jeff Seaman},
  year = {2008},
  publisher = {ERIC},
}

@Book{rpackages,
  title = {R Packages},
  author = {Hadley Wickham},
  year = {2015},
  publisher = {O'Reilly Media},
}

@Book{learningstatswithr,
  title = {Learning Statistics With R},
  author = {Danielle Navarro},
  url = {https://learningstatisticswithr.com/}
  }

@Book{nrc2000,
  title = {How people learn},
  author = {John D Bransford and Ann L Brown and Rodney R Cocking and {others}},
  volume = {11},
  year = {2000},
  publisher = {Washington, DC: National academy press},
}

@Article{breiman2001,
  title = {Random forests},
  author = {Leo Breiman},
  journal = {Machine learning},
  volume = {45},
  number = {1},
  pages = {5--32},
  year = {2001},
  publisher = {Springer},
}

@Book{bryan2020,
  title = {Happy git with R},
  author = {Jenny Bryan},
  year = {2020},
  url = {https://happygitwithr.com/},
}

@Misc{bryan2019,
  title = {Reproducible Examples and the `reprex` package},
  author = {Jenny Bryan},
  year = {2019},
  url = {https://community.rstudio.com/t/video-reproducible-examples-and-the-reprex-package/14732},
}

@Book{bryk2015,
  title = {Learning to improve: How America’s schools can get better at getting better},
  author = {Anthony S Bryk and Louis M Gomez and Alicia Grunow and Paul G LeMahieu},
  year = {2015},
  publisher = {Harvard Education Press},
}

@Misc{dataqualitycampaign2018,
  title = {Teachers see the power of data - but don't have the time to use it},
  author = {Data Quality Campaign},
  year = {2018},
  url = {https://dataqualitycampaign.org/wp-content/uploads/2018/09/DQC_DataEmpowers-Infographic.pdf},
}

@Article{conway2010data,
  title = {The data science venn diagram},
  author = {Drew Conway},
  journal = {Drew Conway},
  volume = {10},
  year = {2010},
  url = {http://drewconway.com/zia/2013/3/26/the-data-science-venn-diagram},
}

@Article{datnow2015,
  title = {Teachers' Use of Assessment Data to Inform Instruction: Lessons from the Past and Prospects for the Future.},
  author = {Amanda Datnow and Lea Hubbard},
  journal = {Teachers College Record},
  volume = {117},
  number = {4},
  pages = {n4},
  year = {2015},
  publisher = {ERIC},
}

@Book{dirksen2015,
  title = {Design for how people learn},
  author = {Julie Dirksen},
  year = {2015},
  publisher = {New Riders},
}

@Misc{usdoe2019,
  author = {United States Department {of Education}},
  url = {https://www2.ed.gov/programs/osepidea/618-data/state-level-data-files/index.html#bccee},
  year = {2020},
}

@Book{geller2019,
  title = {Education Data Done Right: Lessons from the Trenches of Applied Data Science},
  author = {Wendy Geller and Dorothyjean Cratty and Jared Knowles},
  year = {2019},
  publisher = {LeanPub},
  url = {www.eddatadoneright.com},
}

@Book{gelman2006data,
  title = {Data analysis using regression and multilevel/hierarchical models},
  author = {Andrew Gelman and Jennifer Hill},
  year = {2006},
  publisher = {Cambridge university press},
}

@Book{gelman2006data:1,
  title = {Data analysis using regression and multilevel/hierarchical models},
  author = {Andrew Gelman and Jennifer Hill},
  year = {2006},
  publisher = {Cambridge university press},
}

@Book{grolemund2018,
  title = {R for data science},
  author = {Garrett Grolemund and Hadley Wickham},
  year = {2018},
  publisher = {O'Reilly},
}

@Book{hastie2009,
  title = {The elements of statistical learning: data mining, inference, and prediction},
  author = {Trevor Hastie and Robert Tibshirani and Jerome Friedman},
  year = {2009},
  publisher = {Springer Science \& Business Media},
}

@Book{healy2019,
  author = {Kieran Healy},
  title = {Data visualization: A practical introduction},
  year = {2019},
  publisher = {Princeton University Press},
}

@Article{hbr2006,
  title = {The curse of knowledge},
  journal = {Harvard Business Review},
  url = {https://hbr.org/2006/12/the-curse-of-knowledge},
  year = {2006},
  author = {Chip Heathand Dan Heath},
}

@Misc{hill2017,
  title = {Up and running with blogdown},
  year = {2017},
  url = {https://alison.rbind.io/post/2017-06-12-up-and-running-with-blogdown/},
  author = {Alison Hill},
}

@Book{james2013,
  title = {An introduction to statistical learning},
  author = {Gareth James and Daniela Witten and Trevor Hastie and Robert Tibshirani},
  volume = {112},
  year = {2013},
  publisher = {Springer},
}

@Book{statisticalinf,
  title = {Statistical Inference via Data Science},
  author = {Chester Ismay and Albert Y. Kim},
  year = {2019},
  publisher = {CRC Press},
} 

@Book{jarvis2019,
  title = {Creating calling},
  author = {Chase Jarvis},
  year = {2019},
  publisher = {HarperCollins},
}

@Book{kahneman2011,
  title = {Thinking fast and slow},
  author = {Daniel Kahneman},
  year = {2011},
}

@Article{kearney2016,
  title = {rtweet: Collecting Twitter data},
  author = {Michael W Kearney},
  journal = {Comprehensive R Archive Network. Available at: https://cran. r-project. org/package= rtweet},
  year = {2016},
}

@Book{krumm2018learning,
  title = {Learning analytics goes to school: A collaborative approach to improving education},
  author = {Andrew Krumm and Barbara Means and Marie Bienkowski},
  year = {2018},
  publisher = {Routledge},
}

@Article{kuhn2008,
  title = {Building predictive models in R using the caret package},
  author = {Max Kuhn and {others}},
  journal = {Journal of statistical software},
  volume = {28},
  number = {5},
  pages = {1--26},
  year = {2008},
}

@Book{kurz2019,
  title = {Statistical Rethinking with brms, ggplot2, and the tidyverse},
  url = {https://bookdown.org/ajkurz/Statistical_Rethinking_recoded/},
  author = {Solomon Kurz},
  date = {2019},
}

@Book{lawson2015,
  title = {Data Science in Higher Education: A Step-by-Step Introduction to Machine Learning for Institutional Researchers},
  year = {2015},
  author = {Jesse Lawson},
  publisher = {CreateSpace},
}

@Article{lehrer2007,
  title = {Supporting the development of conceptions of statistics by engaging students in measuring and modeling variability},
  author = {Richard Lehrer and Min-joung Kim and Leona Schauble},
  journal = {International Journal of Computers for Mathematical Learning},
  volume = {12},
  number = {3},
  pages = {195--216},
  year = {2007},
  publisher = {Springer},
}

@Article{lehrer2015,
  title = {The development of scientific thinking},
  author = {Richard Lehrer and Leona Schauble},
  journal = {Handbook of child psychology and developmental science},
  pages = {1--44},
  year = {2015},
  publisher = {Wiley Online Library},
}

@Article{liu2017use,
  title = {The use of data science for education: The case of social-emotional learning},
  author = {Ming-Chi Liu and Yueh-Min Huang},
  journal = {Smart Learning Environments},
  volume = {4},
  number = {1},
  pages = {1},
  year = {2017},
  publisher = {SpringerOpen},
}

@Article{mandinach2013,
  title = {A systemic view of implementing data literacy in educator preparation},
  author = {Ellen B Mandinach and Edith S Gummer},
  journal = {Educational Researcher},
  volume = {42},
  number = {1},
  pages = {30--37},
  year = {2013},
  publisher = {SAGE Publications Sage CA: Los Angeles, CA},
}

@Article{mohammad2013,
  title = {Crowdsourcing a word--emotion association lexicon},
  author = {Saif M Mohammad and Peter D Turney},
  journal = {Computational Intelligence},
  volume = {29},
  number = {3},
  pages = {436--465},
  year = {2013},
  publisher = {Wiley Online Library},
}

@Misc{nytimes2011,
  title = {The Adventures of Spielberg: An Interview},
  url = {https://carpetbagger.blogs.nytimes.com/2011/12/20/the-adventures-of-spielberg-an-interview/},
  year = {2011},
  author = {Mekado Murphy},
}

@Book{nrc2018,
  title = {How people learn II: Learners, contexts, and cultures},
  author = {Engineering {National Academies of Sciences} and {Medicine} and {others}},
  year = {2018},
  publisher = {National Academies Press},
}

@PhdThesis{newton1991,
  title = {The rocky road from actions to intentions},
  author = {Elizabeth Louise Newton},
  year = {1991},
  school = {Stanford University},
}

@Book{oneill2016,
  title = {Weapons of math destruction: How big data increases inequality and threatens democracy},
  author = {Cathy O'Neil},
  year = {2016},
  publisher = {Broadway Books},
}

@Article{peng2015,
  title = {The Art of Data Science},
  author = {Roger D Peng and Elizabeth Matsui},
  journal = {A Guide for Anyone Who Works with Data. Skybrude Consulting, LLC},
  year = {2015},
}

@Book{powers2018cultivating,
  title = {Cultivating a data culture in higher education},
  author = {Kristina Powers and Angela E Henderson},
  year = {2018},
  publisher = {Routledge},
}

@Misc{robinson18,
  title = {Advice to aspiring data scientists: start a blog},
  author = {David Robinson},
  year = {2018},
  title = {Advice to aspiring data scientists: start a blog},
}

@Article{rosenberg2016,
  title = {An investigation of state educational Twitter hashtags (SETHs) as affinity spaces},
  author = {Joshua M Rosenberg and Spencer P Greenhalgh and Matthew J Koehler and Erica R Hamilton and Mete Akcaoglu},
  journal = {E-learning and Digital Media},
  volume = {13},
  number = {1-2},
  pages = {24--44},
  year = {2016},
  publisher = {SAGE Publications Sage UK: London, England},
}

@InProceedings{rosenberg2020mdsc,
  title = {Making Data Science “Count”: Data Science and Learning, Design, and Technology Research},
  author = {Joshua M. Rosenberg and Michael Lawson and Daniel Anderson and Teya Rutherford and Ryan Seth Jones},
  booktitle = {Research Methods in Learning Design & Technology.},
  pages = {1--13},
  year = {2020},
  organization = {Springer},
}

@Misc{greatschools2014,
  title = {Aggregate data},
  author = {Great Schools},
  journal = {Ed Glossary},
  url = {https://www.edglossary.org/aggregate-data/},
}

@InProceedings{siemens2012,
  title = {Learning analytics and educational data mining: towards communication and collaboration},
  author = {George Siemens and Ryan SJ {d Baker}},
  booktitle = {Proceedings of the 2nd international conference on learning analytics and knowledge},
  pages = {252--254},
  year = {2012},
  organization = {ACM},
}

@Book{silge2017text,
  title = {Text mining with R: A tidy approach},
  author = {Julia Silge and David Robinson},
  year = {2017},
  publisher = {{"} O'Reilly Media, Inc.{"}},
}

@Article{spillane2012,
  title = {Instructional advice and information providing and receiving behavior in elementary schools: Exploring tie formation as a building block in social capital development},
  author = {James P Spillane and Chong Min Kim and Kenneth A Frank},
  journal = {American Educational Research Journal},
  volume = {49},
  number = {6},
  pages = {1112--1145},
  year = {2012},
  publisher = {SAGE Publications Sage CA: Los Angeles, CA},
}

@Book{steinfeld2012,
  title = {Universal design: Creating inclusive environments},
  author = {Edward Steinfeld and Jordana Maisel},
  year = {2012},
  publisher = {John Wiley \& Sons},
}

@Article{trust2016,
  title = {“Together we are better”: Professional learning networks for teachers},
  author = {Torrey Trust and Daniel G Krutka and Jeffrey Paul Carpenter},
  journal = {Computers \& education},
  volume = {102},
  pages = {15--34},
  year = {2016},
  publisher = {Elsevier},
}

@Book{victore2019,
  title = {Feck Perfuction: Dangerous Ideas on the Business of Life},
  author = {James Victore},
  year = {2019},
  publisher = {Chronicle books},
}

@Book{wickham2019advr,
  title = {Advanced R},
  author = {Hadley Wickham},
  edition = {2nd},
  year = {2019},
  url = {https://adv-r.hadley.nz/},
}

@Book{hopr,
  title = {Hands-On Programming with R},
  author = {Garrett Grolemund},
  publisher = {O'Reilly},
  url = {https://rstudio-education.github.io/hopr/index.html},
}

@Article{wickham2014,
  title = {Tidy data},
  journal = {Journal of Statistical Software},
  author = {Hadley Wickham},
  year = {2014},
  volume = {59},
  issue = {10},
  url = {https://www.jstatsoft.org/article/view/v059i10/v59i10.pdf](https://www.jstatsoft.org/article/view/v059i10/v59i10.pdf},
}

@Misc{wikipedia2020reproducible,
  title = {Reproducible research},
  url = {https://en.wikipedia.org/wiki/Reproducibility#Reproducible_research},
  author = {{Wikipedia}},
  year = {2020},
}

@Article{williamson2017owns,
  title = {Who owns educational theory? Big data, algorithms and the expert power of education data science},
  author = {Ben Williamson},
  journal = {E-Learning and Digital Media},
  volume = {14},
  number = {3},
  pages = {105--122},
  year = {2017},
  publisher = {SAGE Publications Sage UK: London, England},
}

@Book{wilson2009,
  title = {Teaching Tech Together},
  author = {Greg Wilson},
  year = {2009},
  url = {https://teachtogether.tech/},
}

@Misc{woo18,
  title = {Anyone Can Play Git/R: Tips for First-Time Contributions to R Packages},
  author = {Kara Woo},
  year = {2018},
  url = {https://speakerdeck.com/karawoo/r-tips-for-first-time-contributions-to-r-packages},
}

@Book{xie2019bookdown,
  title = {bookdown: Authoring Books and Technical Documents with R Markdown},
  author = {Yihui Xie},
  year = {2019},
  url = {https://bookdown.org/yihui/bookdown/},
  publisher = {CRC Press},
}

@Book{xie2015,
  title = {Dynamic Documents with {R} and knitr},
  author = {Yihui Xie},
  publisher = {Chapman and Hall/CRC},
  address = {Boca Raton, Florida},
  year = {2015},
  edition = {2nd},
  note = {ISBN 978-1498716963},
  url = {http://yihui.name/knitr/},
}

@Book{xie2015:1,
  title = {Dynamic Documents with {R} and knitr},
  author = {Yihui Xie},
  publisher = {Chapman and Hall/CRC},
  address = {Boca Raton, Florida},
  year = {2015},
  edition = {2nd},
  note = {ISBN 978-1498716963},
  url = {http://yihui.name/knitr/},
}

@Book{xie2019blogdown,
  title = {blogdown: Creating Websites with R Markdown},
  author = {Yihui Xie and Amber Thomas and Alison Presmanes Hill},
  year = {2019},
  url = {https://bookdown.org/yihui/blogdown/},
  publisher = {CRC Press},
}

@Article{descriptive,
  title = {Descriptive analysis in education: A guide for researchers.},
  author = {Loeb, S., Dynarski, S., McFarland, D., Morris, P., Reardon, S., & Reber, S.},
  year = {2017},
  url = {https://ies.ed.gov/ncee/pubs/20174023/pdf/20174023.pdf) (NCEE 2017–4023},
}

@Article{disaggregate,
  title = {Forum Guide to Collecting and Using Disaggregated Data on Racial/Ethnic
Subgroups.},
  author = {National Forum on Education Statistics.},
  year = {2016},
  url = {https://nces.ed.gov/pubs2017/NFES2017017.pdf) (NFES 2017-017},
}

@Article{frpl,
  title = {Free or reduced price lunch: A proxy for poverty?},
  author = {Tom Snyder and Lauren Musu-Gillette},
  year = {2015},
  url = {https://nces.ed.gov/blogs/nces/post/free-or-reduced-price-lunch-a-proxy-for-poverty},
}

@Article{accidentalaRt,
  title = {@accidentalaRt},
  url = {https:/twitter.com/accidentalart},
}

@Article{urbanpov,
  title = {High-poverty schools undermine education for children of color},
  author = {Reed Jordan},
  year = {2015},
  url = {https://www.urban.org/urban-wire/high-poverty-schools-undermine-education-children-color},
}

@Article{wickham2019,
  title={Welcome to the Tidyverse},
  author={Wickham, Hadley and Averick, Mara and Bryan, Jennifer and Chang, Winston and McGowan, Lucy and Fran{\c{c}}ois, Romain and Grolemund, Garrett and Hayes, Alex and Henry, Lionel and Hester, Jim and others},
  journal={Journal of Open Source Software},
  volume={4},
  number={43},
  pages={1686},
  year={2019}
}

@Article{ncesfrpl,
  title={Concentration of Public School Students Eligible for Free or Reduced-Price Lunch.},
  author={U.S. Department of Education, National Center for Education Statistics},
  journal={The Condition of Education 2019},
  year={2019},
  url = {https://nces.ed.gov/fastfacts/display.asp?id=898}
}

@Manual{rcoreteam,
    title = {R: A Language and Environment for Statistical Computing},
    author = {{R Core Team}},
    organization = {R Foundation for Statistical Computing},
    address = {Vienna, Austria},
    year = {2019},
    url = {https://www.R-project.org/},
}

@Manual{rstudio, 
    title = {RStudio: Integrated Development Environment for R}, 
    author = {{RStudio Team}}, 
    organization = {RStudio, Inc.}, 
    address = {Boston, MA}, year = {2015}, 
    url = {http://www.rstudio.com/}
}

@InCollection{eccles1983,
    title = {Expectancies, values, and academic behaviors},
    author = {Jacquelynne Eccles, Terry F. Adler, R. Futterman, Susan B. Goff, Caroline M. Kaczala, Judith L. Meece, Carol Midgley},
    booktitle = {Achievement and Achievement Motivation},
    pages = {75--146},
    year = {1983},
    editor = {J. T. Spence},
    publisher = {W. H. Freeman},
}

